@misc{anthropic2024pricing,
  author = {{Anthropic}},
  title = {Claude API Pricing},
  year = {2024},
  url = {https://www.anthropic.com/pricing},
  note = {Accessed: 2024-10-21}
}

@misc{openai2024pricing,
  author = {{OpenAI}},
  title = {OpenAI API Pricing},
  year = {2024},
  url = {https://openai.com/pricing},
  note = {Accessed: 2024-10-21}
}

@article{shannon1948mathematical,
  title={A mathematical theory of communication},
  author={Shannon, Claude Elwood},
  journal={The Bell system technical journal},
  volume={27},
  number={3},
  pages={379--423},
  year={1948},
  publisher={Nokia Bell Labs}
}

@article{ziv1977universal,
  title={A universal algorithm for sequential data compression},
  author={Ziv, Jacob and Lempel, Abraham},
  journal={IEEE Transactions on information theory},
  volume={23},
  number={3},
  pages={337--343},
  year={1977},
  publisher={IEEE}
}

@article{ziv1978compression,
  title={Compression of individual sequences via variable-rate coding},
  author={Ziv, Jacob and Lempel, Abraham},
  journal={IEEE transactions on Information Theory},
  volume={24},
  number={5},
  pages={530--536},
  year={1978},
  publisher={IEEE}
}

@article{huffman1952method,
  title={A method for the construction of minimum-redundancy codes},
  author={Huffman, David A},
  journal={Proceedings of the IRE},
  volume={40},
  number={9},
  pages={1098--1101},
  year={1952},
  publisher={IEEE}
}

@article{witten1987arithmetic,
  title={Arithmetic coding for data compression},
  author={Witten, Ian H and Neal, Radford M and Cleary, John G},
  journal={Communications of the ACM},
  volume={30},
  number={6},
  pages={520--540},
  year={1987},
  publisher={ACM New York, NY, USA}
}

@article{cleary1984data,
  title={Data compression using adaptive coding and partial string matching},
  author={Cleary, John and Witten, Ian},
  journal={IEEE transactions on Communications},
  volume={32},
  number={4},
  pages={396--402},
  year={1984},
  publisher={IEEE}
}

@article{nevill1997identifying,
  title={Identifying hierarchical structure in sequences: A linear-time algorithm},
  author={Nevill-Manning, Craig G and Witten, Ian H},
  journal={Journal of Artificial Intelligence Research},
  volume={7},
  pages={67--82},
  year={1997}
}

@article{larsson1999off,
  title={Off-line dictionary-based compression},
  author={Larsson, N Jesper and Moffat, Alistair},
  journal={Proceedings of the IEEE},
  volume={88},
  number={11},
  pages={1722--1732},
  year={1999},
  publisher={IEEE}
}

@book{cover2006elements,
  title={Elements of information theory},
  author={Cover, Thomas M and Thomas, Joy A},
  year={2006},
  publisher={John Wiley \& Sons}
}

@article{kolmogorov1965three,
  title={Three approaches to the quantitative definition of information},
  author={Kolmogorov, Andrei Nikolaevich},
  journal={Problems of information transmission},
  volume={1},
  number={1},
  pages={1--7},
  year={1965}
}

@inproceedings{lanctot2000distinguishing,
  title={Distinguishing string selection problems},
  author={Lanctot, J Kevin and Li, Ming and Yang, En-hui},
  booktitle={Proceedings of the eleventh annual ACM-SIAM symposium on Discrete algorithms},
  pages={633--642},
  year={2000}
}

@article{aho1975efficient,
  title={Efficient string matching: an aid to bibliographic search},
  author={Aho, Alfred V and Corasick, Margaret J},
  journal={Communications of the ACM},
  volume={18},
  number={6},
  pages={333--340},
  year={1975},
  publisher={ACM New York, NY, USA}
}

@article{white2023prompt,
  title={A prompt pattern catalog to enhance prompt engineering with chatgpt},
  author={White, Jules and Fu, Quchen and Hays, Sam and Sandborn, Michael and Olea, Carlos and Gilbert, Henry and Elnashar, Ashraf and Spencer-Smith, Jesse and Schmidt, Douglas C},
  journal={arXiv preprint arXiv:2302.11382},
  year={2023}
}

@article{liu2023pre,
  title={Pre-train, prompt, and predict: A systematic survey of prompting methods in natural language processing},
  author={Liu, Pengfei and Yuan, Weizhe and Fu, Jinlan and Jiang, Zhengbao and Hayashi, Hiroaki and Neubig, Graham},
  journal={ACM Computing Surveys},
  volume={55},
  number={9},
  pages={1--35},
  year={2023},
  publisher={ACM New York, NY}
}

@article{shin2020autoprompt,
  title={Autoprompt: Eliciting knowledge from language models with automatically generated prompts},
  author={Shin, Taylor and Razeghi, Yasaman and Logan IV, Robert L and Wallace, Eric and Singh, Sameer},
  journal={arXiv preprint arXiv:2010.15980},
  year={2020}
}

@article{mccoy2023conceptual,
  title={Conceptual prompt compression for efficient LLM inference},
  author={McCoy, R Thomas and Smolensky, Paul and Linzen, Tal and Gao, Jianfeng and Celikyilmaz, Asli},
  journal={arXiv preprint arXiv:2305.14788},
  year={2023}
}

